@BOOK{Hendriks,
author={Richard C. Hendriks and Timo Gerkmann and Jesper Jensen},
booktitle={DFT-Domain Based Single-Microphone Noise Reduction for Speech Enhancement:A Survey of the State of the Art},
title={DFT-Domain Based Single-Microphone Noise Reduction for Speech Enhancement:A Survey of the State of the Art},
year={2013},
volume={},
number={},
pages={80-},
keywords={noise reduction;single-microphone;speech enhancement},
doi={10.2200/S00473ED1V01Y201301SAP011},
ISSN={},
publisher={Morgan \& Claypool},
isbn={9781627051446},
url={https://ieeexplore.ieee.org/xpl/articleDetails.jsp?arnumber=6813348},
}
